<?xml version="1.0" encoding="UTF-8"?><collection xmlns="http://www.loc.gov/MARC21/slim"><record><leader>00309nam--2200121-i-4500</leader><controlfield tag="001">000003234</controlfield><controlfield tag="002">20161230</controlfield><controlfield tag="005">20161230201025</controlfield><controlfield tag="008">060222s1000------------r-----000-0-eng-d</controlfield><datafield ind1=" " ind2=" " tag="100"><subfield code="a">Ashwell, D.G</subfield></datafield><datafield ind1=" " ind2=" " tag="245"><subfield code="a">Webb, h.a</subfield></datafield><datafield ind1=" " ind2=" " tag="260"><subfield code="a">A Mathematical Tool-kit For Engineers</subfield></datafield><datafield ind1=" " ind2=" " tag="490"><subfield code="a">London, Longmans, 1957 Viii + 70 P</subfield></datafield></record></collection>